@article{ladenburg1948interferometric,
	title = {Interferometric studies of faster than sound phenomena. Part I. The gas flow around various objects in a free, homogeneous, supersonic air stream},
	author = {Ladenburg, R and Winckler, J and Van Voorhis, CC},
	year = {1948},
	journal = {Physical Review},
	publisher = {APS},
	volume = {73},
	number = {11},
	pages = {1359}
}
@article{ladenburg1949interferometric,
	title = {Interferometric studies of faster than sound phenomena. Part II. Analysis of supersonic air jets},
	author = {Ladenburg, R and Van Voorhis, CC and Winckler, J},
	year = {1949},
	journal = {Physical Review},
	publisher = {APS},
	volume = {76},
	number = {5},
	pages = {662}
}
@book{pindzola1963jet,
	title = {Jet simulation in ground test facilities},
	author = {Pindzola, M},
	year = {1963},
	publisher = {North Atlantic Treaty Organization, Advisory Group for Aeronautical Research~…},
	number = {79-80}
}
@techreport{amick1963experimental,
	title = {Experimental interaction effects of forward-located side jets on a body of revolution: technical report},
	author = {Amick, James L and Stubblebine, Warren and Chen, Paul CY},
	year = {1963}
}
@book{barnes1967control,
	title = {Control Effectiveness of Transverse Jets Interacting with a High-speed Free Stream: Design charts, theoretical and experimental results. Volume I.},
	author = {Barnes, JW and Davis, JG and Tang, HH},
	year = {1967},
	publisher = {Air Force Flight Dynamics Laboratory, Research and Technology Division, Air~…},
	volume = {1}
}
@techreport{jarvinen1968propulsive,
	title = {Propulsive re-entry aerodynamics Interim report, 1 Jun. 1967-1 Jun. 1968},
	author = {Jarvinen, Philip O and Luce, Richard W and Wachsler, Emmanuel},
	year = {1968}
}
@article{spaid1968study,
	title = {A study of the interaction of gaseous jets from transverse slots with supersonic external flows.},
	author = {Spaid, Frank W and Zukoski, EE},
	year = {1968},
	journal = {AIAA journal},
	volume = {6},
	number = {2},
	pages = {205--212}
}
@article{boger1972flowfield,
	title = {Flowfield interactions induced by underexpanded exhaust plumes},
	author = {Boger, RC and Rosenbaum, H and Reeves, BL},
	year = {1972},
	journal = {AIAA Journal},
	volume = {10},
	number = {3},
	pages = {300--306}
}
@techreport{rausch1973rcs,
	title = {RCS jet-flow field interaction effects on the aerodynamics of the space shuttle orbiter},
	author = {Rausch, JR and Roberge, AM},
	year = {1973}
}
@inproceedings{spaid1973aerodynamic,
	title = {Aerodynamic interference induced by reaction controls},
	author = {Spaid, FW and Cassel, LA},
	year = {1973},
	organization = {AGARD}
}
@techreport{rausch1975space,
	title = {Space shuttle orbiter reaction control system jet interaction study},
	author = {Rausch, JR},
	year = {1975}
}
@article{rausch1975reaction,
	title = {Reaction control system aerodynamic interaction effects on space shuttle orbiter},
	author = {Rausch, JR and Roberts, BB},
	year = {1975},
	journal = {Journal of Spacecraft and Rockets},
	volume = {12},
	number = {11},
	pages = {660--666}
}
@article{spaid1975two,
	title = {Two-dimensional jet interaction studies at large values of Reynolds and Mach numbers},
	author = {Spaid, Frank W},
	year = {1975},
	journal = {AIAA journal},
	volume = {13},
	number = {11},
	pages = {1430--1434}
}
@techreport{rausch1977space,
	title = {Space shuttle orbiter rear mounted reaction control system jet interaction study},
	author = {Rausch, JR},
	year = {1977}
}
@techreport{rausch1978space,
	title = {Space shuttle orbiter reaction control system interactions with the vehicle flow field},
	author = {Rausch, JR},
	year = {1978}
}
@article{kanipe1983plume,
	title = {Plume/flowfield jet interaction effects on the Space Shuttle Orbiterduring entry},
	author = {Kanipe, David B},
	year = {1983},
	journal = {Journal of Spacecraft and Rockets},
	volume = {20},
	number = {4},
	pages = {351--355}
}
@article{isaac1985experimental,
	title = {Experimental study of the interaction of multiple jets with a cross flow},
	author = {Isaac, Kakkattukuzhy M and Jakubowski, AK},
	year = {1985},
	journal = {AIAA journal},
	volume = {23},
	number = {11},
	pages = {1679--1683}
}
@article{shang1989interaction,
	title = {Interaction of jet in hypersonic cross stream},
	author = {Shang, JS and McMaster, DL and Scaggs, N and Buck, M},
	year = {1989},
	journal = {AIAA journal},
	volume = {27},
	number = {3},
	pages = {323--329}
}
@inproceedings{santiago1995velocity,
	title = {Velocity measurements for a sonic underexpanded transverse jet injected into a supersonic flow},
	author = {Santiago, J and Dutton, J},
	year = {1995},
	booktitle = {33rd Aerospace Sciences Meeting and Exhibit},
	pages = {525}
}
@article{everett1998wall,
	title = {Wall pressure measurements for a sonic jet injected transversely into a supersonic crossflow},
	author = {Everett, DE and Woodmansee, MA and Dutton, J Craig and Morris, MJ},
	year = {1998},
	journal = {Journal of Propulsion and Power},
	volume = {14},
	number = {6},
	pages = {861--868}
}
@article{hill2004hybrid,
	title = {Hybrid tuned center-difference-WENO method for large eddy simulations in the presence of strong shocks},
	author = {Hill, David J and Pullin, Dale I},
	year = {2004},
	journal = {Journal of Computational Physics},
	publisher = {Elsevier},
	volume = {194},
	number = {2},
	pages = {435--450}
}
@article{greenshields2010implementation,
	title = {Implementation of semi-discrete, non-staggered central schemes in a colocated, polyhedral, finite volume framework, for high-speed viscous flows},
	author = {Greenshields, Christopher J and Weller, Henry G and Gasparini, Luca and Reese, Jason M},
	year = {2010},
	journal = {International journal for numerical methods in fluids},
	publisher = {Wiley Online Library},
	volume = {63},
	number = {1},
	pages = {1--21}
}

@article{kawai2010large,
  title={Large-eddy simulation of jet mixing in supersonic crossflows},
  author={Kawai, Soshi and Lele, Sanjiva K},
  journal={AIAA journal},
  volume={48},
  number={9},
  pages={2063--2083},
  year={2010}
}
@phdthesis{erdem2011active,
	title = {Active flow control studies at Mach 5: measurement and computation},
	author = {Erdem, Erinc},
	year = {2011},
	school = {University of Manchester}
}
@inproceedings{vanderwyst2016computationally,
	title = {A computationally efficient, multi-fidelity assessment of jet interactions for highly maneuverable missiles},
	author = {Vanderwyst, Anton and Shelton, Andrew and Martin, Christopher L},
	year = {2016},
	booktitle = {34th AIAA Applied Aerodynamics Conference},
	pages = {4333}
}
@article{miller2018transient,
	title = {Transient interaction between a reaction control jet and a hypersonic crossflow},
	author = {Miller, Warrick A and Medwell, Paul R and Doolan, Con J and Kim, Minkwan},
	year = {2018},
	journal = {Physics of Fluids},
	publisher = {AIP Publishing},
	volume = {30},
	number = {4}
}
@phdthesis{kitson2018fluid,
	title = {Fluid-Structure-Jet Interaction Effects on High-Speed Vehicles},
	author = {Kitson, Ryan},
	year = {2018}
}
@article{pazhev2020experimental,
	title = {Experimental Investigation of Transverse Jet Injection into Supersonic Crossflow},
	author = {Pazhev, Ventsislav Viktorov},
	year = {2020}
}
@article{kumar2021role,
	title = {Role of corner flow separation in unsteady dynamics of hypersonic flow over a double wedge geometry},
	author = {Kumar, Gaurav and De, Ashoke},
	year = {2021},
	journal = {Physics of Fluids},
	publisher = {AIP Publishing},
	volume = {33},
	number = {3}
}
@article{harris2022effects,
	title = {Effects of controlled vortex generation and interactions in transverse jets},
	author = {Harris, Elijah W and Shoji, Takeshi and Besnard, Andrea and Schein, Stephen G and M'Closkey, Robert T and Cortelezzi, Luca and Karagozian, Ann R},
	year = {2022},
	journal = {Physical Review Fluids},
	publisher = {APS},
	volume = {7},
	number = {1},
	pages = {013902}
}
@article{gilmanov2024development,
	title = {Development and Validation of a Compressible Reacting Gas-Dynamic Flow Solver for Supersonic Combustion},
	author = {Gilmanov, Anvar and Gokulakrishnan, Ponnuthurai and Klassen, Michael S},
	year = {2024},
	journal = {Dynamics},
	publisher = {MDPI},
	volume = {4},
	number = {1},
	pages = {135--156}
}
@inproceedings{roger1999aerodynamics,
  title={The aerodynamics of jet thruster control for supersonic/hypersonic endo-interceptors-Lessons learned},
  author={Roger, R},
  booktitle={37th Aerospace Sciences Meeting and Exhibit},
  pages={804},
  year={1999}
}
@article{billig1971unified,
  title={A unified analysis of gaseous jet penetration},
  author={Blllig, FS and Orth, RC and Lasky, M},
  journal={AIAA journal},
  volume={9},
  number={6},
  pages={1048--1058},
  year={1971}
}
@article{smith1987radiative,
  title={Radiative and conductive transfer for a gas/soot mixture between diffuse parallel plates},
  author={Smith, Theodore F and Al-Turki, Abdullah M and Byun, Ki-Hong and Kim, Tai K},
  journal={Journal of Thermophysics and Heat Transfer},
  volume={1},
  number={1},
  pages={50--55},
  year={1987}
}
@article{young1972viscous,
  title={Viscous interaction of sonic transverse jets with supersonic external flows},
  author={Young, Carl TK and Barfield, BF},
  journal={AIAA Journal},
  volume={10},
  number={7},
  pages={853--854},
  year={1972}
}
@techreport{demuren1994modeling,
  title={Modeling jets in cross flow},
  author={Demuren, AO},
  year={1994}
}
@article{werle1972jet,
  title={Jet-interaction-induced separation-The two-dimensional problem.},
  author={Werle, MJ and Driftmyer, RT and Shaffer, DG},
  journal={AIAA Journal},
  volume={10},
  number={2},
  pages={188--193},
  year={1972}
}
@article{zukoski1964secondary,
  title={Secondary injection of gases into a supersonic flow},
  author={Zukoski, Edward E and Spaid, Frank W},
  journal={AIAA journal},
  volume={2},
  number={10},
  pages={1689--1696},
  year={1964}
}
@article{margason1993fifty,
  title={Fifty years of jet in cross flow research},
  author={Margason, Richard J},
  journal={In AGARD},
  year={1993}
}
@article{broadwell1963analysis,
  title={Analysis of the fluid mechanics of secondary injection for thrust vector control},
  author={Broadwell, James E},
  journal={AIAA Journal},
  volume={1},
  number={5},
  pages={1067--1075},
  year={1963}
}
@article{taylor1950formation,
  title={The formation of a blast wave by a very intense explosion I. Theoretical discussion},
  author={Taylor, Geoffrey Ingram},
  journal={Proceedings of the Royal Society of London. Series A. Mathematical and Physical Sciences},
  volume={201},
  number={1065},
  pages={159--174},
  year={1950},
  publisher={The Royal Society London}
}
@article{sakurai1953propagation,
  title={On the propagation and structure of the blast wave, I},
  author={Sakurai, Akira},
  journal={Journal of the Physical Society of Japan},
  volume={8},
  number={5},
  pages={662--669},
  year={1953},
  publisher={The Physical Society of Japan}
}
@article{sakurai1954propagation,
  title={On the propagation and structure of a blast wave, II},
  author={Sakurai, Akira},
  journal={Journal of the Physical Society of Japan},
  volume={9},
  number={2},
  pages={256--266},
  year={1954},
  publisher={The Physical Society of Japan}
}
@inproceedings{warfield1989calculation,
  title={Calculation of supersonic interacting jet flows},
  author={WARFIELD, MATTHEW},
  booktitle={27th Aerospace Sciences Meeting},
  pages={666},
  year={1989}
}
@inproceedings{graham1999numerical,
  title={Numerical simulation of lateral control jets},
  author={Graham, Mary and Weinacht, Paul},
  booktitle={37th Aerospace Sciences Meeting and Exhibit},
  pages={510},
  year={1999}
}
@inproceedings{sahu2014unsteady,
  title={Unsteady aerodynamic simulations of a finned projectile at a supersonic speed with jet interaction},
  author={Sahu, Jubaraj and Fresconi, Frank and Heavey, Karen R},
  booktitle={32nd AIAA Applied aerodynamics conference},
  pages={3024},
  year={2014}
}
@article{despirito2015turbulence,
  title={Turbulence model effects on cold-gas lateral jet interaction in a supersonic crossflow},
  author={DeSpirito, James},
  journal={Journal of Spacecraft and Rockets},
  volume={52},
  number={3},
  pages={836--852},
  year={2015},
  publisher={American Institute of Aeronautics and Astronautics}
}
@inproceedings{despirito2014predictions,
  title={Predictions of a supersonic jet-in-crossflow: comparisons among CFD solvers and with experiment},
  author={DeSpirito, James and Kennedy, Kevin D and Mikkelsen, Clark D and Chaplin, Ross},
  booktitle={32nd AIAA Applied Aerodynamics Conference},
  pages={2736},
  year={2014}
}
@inproceedings{despirito2012lateral,
  title={Lateral jet interaction on a finned projectile in supersonic flow},
  author={DeSpirito, James},
  booktitle={50th AIAA Aerospace Sciences Meeting including the New Horizons Forum and Aerospace Exposition},
  pages={413},
  year={2012}
}
@inproceedings{despirito2011factors,
  title={Factors affecting reaction jet interaction effects on projectiles},
  author={DeSpirito, James},
  booktitle={29th AIAA Applied Aerodynamics Conference},
  pages={3031},
  year={2011}
}
@inproceedings{despirito2012transient,
  title={Transient lateral jet interaction effects on a generic fin-stabilized projectile},
  author={DeSpirito, James},
  booktitle={30th AIAA Applied Aerodynamics Conference},
  pages={2907},
  year={2012}
}
@inproceedings{gnemmi2008computational,
  title={Computational comparisons of the interaction of a lateral jet on a supersonic generic missile},
  author={Gnemmi, Patrick and Adeli, Reza and Longo, Jos{\'e}},
  booktitle={AIAA Atmospheric flight mechanics conference and exhibit},
  pages={6883},
  year={2008}
}
@article{cassel2003applying,
  title={Applying jet interaction technology},
  author={Cassel, Louis A},
  journal={Journal of Spacecraft and Rockets},
  volume={40},
  number={4},
  pages={523--537},
  year={2003}
}
@inproceedings{ferrante2010inclined,
  title={LES of an inclined jet into a supersonic turbulent crossflow: synthetic inflow conditions},
  author={Ferrante, Antonino and Matheou, Georgios and Dimotakis, Paul},
  booktitle={48th AIAA Aerospace Sciences Meeting Including the New Horizons Forum and Aerospace Exposition},
  pages={1287},
  year={2010}
}
@article{ziefle2009large,
  title={Large-eddy simulation of a round jet in crossflow},
  author={Ziefle, J{\"o}rg and Kleiser, Leonhard},
  journal={AIAA journal},
  volume={47},
  number={5},
  pages={1158--1172},
  year={2009}
}
@inbook{sahu2024,
author = {Jubaraj Sahu and Frank Fresconi and Karen R. Heavey},
title = {Unsteady Aerodynamic Simulations of a Finned Projectile at a Supersonic Speed with Jet Interaction},
booktitle = {32nd AIAA Applied Aerodynamics Conference},
chapter = {},
pages = {},
doi = {10.2514/6.2014-3024},
URL = {https://arc.aiaa.org/doi/abs/10.2514/6.2014-3024},
eprint = {https://arc.aiaa.org/doi/pdf/10.2514/6.2014-3024}
}
@article{Génin01012010,
author = {Franklin Génin and Suresh Menon and},
title = {Dynamics of sonic jet injection into supersonic crossflow},
journal = {Journal of Turbulence},
volume = {11},
number = {},
pages = {N4},
year = {2010},
publisher = {Taylor \& Francis},
doi = {10.1080/14685240903217813},
URL = {https://doi.org/10.1080/14685240903217813},
eprint = {https://doi.org/10.1080/14685240903217813}
}
@article{Ebrahimi2000,
author = {Ebrahimi, Houshang B.},
title = {Numerical Simulation of Transient Jet-Interaction Phenomenology in a Supersonic Freestream},
journal = {Journal of Spacecraft and Rockets},
volume = {37},
number = {6},
pages = {713-719},
year = {2000},
doi = {10.2514/2.3634},
URL = { 
        https://doi.org/10.2514/2.3634
},
eprint = { 
        https://doi.org/10.2514/2.3634
}
}
@inbook{Naumann1998,
author = {K. Naumann and H. Ende and A. George and G. Mathieu},
title = {Stationary and time-dependent effects in the near interaction of gaseous jets and supersonic cross-flow},
booktitle = {29th AIAA, Fluid Dynamics Conference},
chapter = {},
pages = {},
doi = {10.2514/6.1998-2972},
URL = {https://arc.aiaa.org/doi/abs/10.2514/6.1998-2972},
eprint = {https://arc.aiaa.org/doi/pdf/10.2514/6.1998-2972}
}

@article{Randolph1994,
author = {Randolph, Howard and Chew, Larry and Johari, Hamid},
title = {Pulsed jets in supersonic crossflow},
journal = {Journal of Propulsion and Power},
volume = {10},
number = {5},
pages = {746-748},
year = {1994},
doi = {10.2514/3.23790},
URL = { 

        https://doi.org/10.2514/3.23790
},
eprint = { 
        https://doi.org/10.2514/3.23790
}
}
@article{Seiler2003,
author = {Seiler, Friedrich and Gnemmi, Patrick and Ende, H. and Schwenzer, M. and Meuer, Rosemarie},
year = {2003},
month = {01},
pages = {13-23},
title = {Jet interaction at supersonic cross flow conditions},
volume = {13},
journal = {Shock Waves},
doi = {10.1007/s00193-003-0189-y}
}

@article{Gruber1995,
author = {Gruber, M. R. and Nejad, A. S. and Chen, T. H. and Dutton, J. C.},
title = {Mixing and Penetration Studies of Sonic Jets in a Mach 2 Freestream},
journal = {Journal of Propulsion and Power},
volume = {11},
number = {2},
pages = {315-323},
year = {1995},
doi = {10.2514/3.51427},
URL = { 
        https://doi.org/10.2514/3.51427
},
eprint = {https://doi.org/10.2514/3.51427}
}
@inproceedings{Gamba2013,
author = {Gamba, Mirko and Miller, Victor and Mungal, Godfrey},
year = {2013},
month = {01},
pages = {1-6},
title = {DENSITY RATIO AND VELOCITY RATIO EFFECTS ON THE STRUCTURE OF TRANSVERSE JETS IN SUPERSONIC CROSSFLOW},
doi = {10.1615/TSFP8.290}
}


@article{Lee2015,
author = {Lee, Jinho and Lin, Kuo-Cheng and Eklund, Dean},
title = {Challenges in Fuel Injection for High-Speed Propulsion Systems},
journal = {AIAA Journal},
volume = {53},
number = {6},
pages = {1405-1423},
year = {2015},
doi = {10.2514/1.J053280},
URL = {https://doi.org/10.2514/1.J053280},
eprint = {https://doi.org/10.2514/1.J053280}
}
@article{Xiao31122024,
author = {Yanfeng Xiao and Huanhao Zhang and Zhihua Chen and Hui Zhang and Chun Zheng and},
title = {Numerical investigation on the transverse jet into a supersonic crossflow with different pressure ratios},
journal = {Engineering Applications of Computational Fluid Mechanics},
volume = {18},
number = {1},
pages = {2354760},
year = {2024},
publisher = {Taylor \& Francis},
doi = {10.1080/19942060.2024.2354760},
URL = { 
        https://doi.org/10.1080/19942060.2024.2354760
},
eprint = {
        https://doi.org/10.1080/19942060.2024.2354760
}
}
@article{Zhang01012020,
author = {Jiawei Zhang and Juanmian Lei and Jintao Yin and Jianping Niu and},
title = {The numerical investigation on the rolling decoupling of a canard-controlled missile using the jet control system},
journal = {Engineering Applications of Computational Fluid Mechanics},
volume = {14},
number = {1},
pages = {1062--1077},
year = {2020},
publisher = {Taylor \& Francis},
doi = {10.1080/19942060.2020.1799866},
URL = { 
        https://doi.org/10.1080/19942060.2020.1799866
},
eprint = { 
           https://doi.org/10.1080/19942060.2020.1799866
}
}
@article{Sun_Hu_2018, 
title={Formation of surface trailing counter-rotating vortex pairs downstream of a sonic jet in a supersonic cross-flow}, volume={850}, DOI={10.1017/jfm.2018.455}, journal={Journal of Fluid Mechanics}, author={Sun, Mingbo and Hu, Zhiwei}, year={2018}, pages={551–583}
}
@article{Hayashi2006,
author = {Hayashi, Kentaro and Aso, Shigeru and Tani, Yasuhiro},
title = {Experimental Study on Thermal Protection System by Opposing Jet in Supersonic Flow},
journal = {Journal of Spacecraft and Rockets},
volume = {43},
number = {1},
pages = {233-235},
year = {2006},
doi = {10.2514/1.15332},
URL = { 
    
        https://doi.org/10.2514/1.15332
},
eprint = { 
    
        https://doi.org/10.2514/1.15332
}
}

@article{haven1996improved,
  title={Improved jet coverage through vortex cancellation},
  author={Haven, BA and Kurosaka, M},
  journal={AIAA journal},
  volume={34},
  number={11},
  pages={2443--2444},
  year={1996}
}
@article{dyakonov2011analysis,
  title={Analysis of effectiveness of Phoenix entry reaction control system},
  author={Dyakonov, Artem A and Glass, Christopher E and Desai, Prasun N and Van Norman, John W},
  journal={Journal of Spacecraft and Rockets},
  volume={48},
  number={5},
  pages={746--755},
  year={2011}
}
@inproceedings{alkandry2012aerodynamic,
  title={Aerodynamic interactions of reaction control system jets on Mars entry aeroshells},
  author={Alkandry, Hicham and Boyd, Iain and Reed, Erin and Codoni, Joshua and McDaniel, James},
  booktitle={50th AIAA Aerospace Sciences Meeting including the New Horizons Forum and Aerospace Exposition},
  pages={1013},
  year={2012}
}

@inproceedings{dyakonov2009aerodynamic,
  title={Aerodynamic interference due to MSL reaction control system},
  author={Dyakonov, Artem and Schoenenberger, Mark and Scallion, William and Van Norman, John and Novak, Luke and Tang, Chun},
  booktitle={41st AIAA Thermophysics conference},
  pages={3915},
  year={2009}
}
@article{aswin2010numerical,
  title={Numerical simulation of transverse side jet interaction with supersonic free stream},
  author={Aswin, G and Chakraborty, Debasis},
  journal={Aerospace Science and Technology},
  volume={14},
  number={5},
  pages={295--301},
  year={2010},
  publisher={Elsevier}
}
@article{chai2015numerical,
  title={Numerical investigation of lateral jet interaction effects on the hypersonic quasi-waverider vehicle},
  author={Chai, Dong and Fang, Yang-Wang and Peng, Wei-Shi and Yang, Peng-Fei},
  journal={Proceedings of the Institution of Mechanical Engineers, Part G: Journal of Aerospace Engineering},
  volume={229},
  number={14},
  pages={2671--2680},
  year={2015},
  publisher={SAGE Publications Sage UK: London, England}
}
@inproceedings{kitson2017high,
  title={High speed vehicle fluid-structure-jet interaction analysis and modeling},
  author={Kitson, Ryan and Cesnik, Carlos E},
  booktitle={58th AIAA/ASCE/AHS/ASC Structures, Structural Dynamics, and Materials Conference},
  pages={0405},
  year={2017}
}
